<record><leader>00000cas a22000007a 4500</leader><controlfield tag="001">14265318</controlfield><controlfield tag="008">860925d18431843txuwr ne      0    0eng d</controlfield><datafield ind1=" " ind2=" " tag="010"><subfield code="a">sn 86089147 </subfield></datafield><datafield ind1=" " ind2=" " tag="040"><subfield code="a">PPM</subfield><subfield code="b">eng</subfield><subfield code="c">PPM</subfield><subfield code="d">OCLCQ</subfield></datafield><datafield ind1=" " ind2=" " tag="042"><subfield code="a">msc</subfield></datafield><datafield ind1="0" ind2=" " tag="130"><subfield code="a">Weekly citizen (Houston, Tex. : 1843)</subfield></datafield><datafield ind1="1" ind2="4" tag="245"><subfield code="a">The weekly citizen.</subfield></datafield><datafield ind1="1" ind2="3" tag="246"><subfield code="a">Citizen</subfield></datafield><datafield ind1=" " ind2=" " tag="260"><subfield code="a">Houston, Tex. :</subfield><subfield code="b">Smith, Benson &amp; Smith,</subfield><subfield code="c">1843-</subfield></datafield><datafield ind1=" " ind2=" " tag="300"><subfield code="a">v. ;</subfield><subfield code="c">60 cm.</subfield></datafield><datafield ind1=" " ind2=" " tag="310"><subfield code="a">Weekly</subfield></datafield><datafield ind1="0" ind2=" " tag="362"><subfield code="a">Vol. 1, no. 1 (Dec. 9, 1843)-</subfield></datafield><datafield ind1="1" ind2=" " tag="362"><subfield code="a">Ceased in Dec. 1843?</subfield></datafield><datafield ind1=" " ind2=" " tag="580"><subfield code="a">Also published in a semi-weekly ed. called : The Citizen.</subfield></datafield><datafield ind1=" " ind2=" " tag="752"><subfield code="a">United States</subfield><subfield code="b">Texas</subfield><subfield code="c">Harris</subfield><subfield code="d">Houston.</subfield></datafield><datafield ind1="1" ind2=" " tag="775"><subfield code="t">Citizen (Houston, Tex. : 1843 : semiweekly)</subfield></datafield><datafield ind1="0" ind2="0" tag="785"><subfield code="t">Texian Democrat</subfield><subfield code="w">(DLC)sn 86071232</subfield></datafield></record>